% Cowan freq stats paper
@article{Cowan:2010js,
      author         = "Cowan, Glen and Cranmer, Kyle and Gross, Eilam and
                        Vitells, Ofer",
      title          = "{Asymptotic formulae for likelihood-based tests of new
                        physics}",
      journal        = "Eur. Phys. J.",
      volume         = "C71",
      year           = "2011",
      pages          = "1554",
      doi            = "10.1140/epjc/s10052-011-1554-0,
                        10.1140/epjc/s10052-013-2501-z",
      note           = "[Erratum: Eur. Phys. J.C73,2501(2013)]",
      eprint         = "1007.1727",
      archivePrefix  = "arXiv",
      primaryClass   = "physics.data-an",
      SLACcitation   = "%%CITATION = ARXIV:1007.1727;%%"
}

% MadGraph
@article{Alwall:2011uj,
      author         = "Alwall, Johan and Herquet, Michel and Maltoni, Fabio and
                        Mattelaer, Olivier and Stelzer, Tim",
      title          = "{MadGraph 5 : Going Beyond}",
      journal        = "JHEP",
      volume         = "06",
      year           = "2011",
      pages          = "128",
      doi            = "10.1007/JHEP06(2011)128",
      eprint         = "1106.0522",
      archivePrefix  = "arXiv",
      primaryClass   = "hep-ph",
      reportNumber   = "FERMILAB-PUB-11-448-T",
      SLACcitation   = "%%CITATION = ARXIV:1106.0522;%%"
}

% Pythia
@article{Sjostrand:2014zea,
      author         = "Sjöstrand, Torbjörn and Ask, Stefan and Christiansen,
                        Jesper R. and Corke, Richard and Desai, Nishita and Ilten,
                        Philip and Mrenna, Stephen and Prestel, Stefan and
                        Rasmussen, Christine O. and Skands, Peter Z.",
      title          = "{An Introduction to PYTHIA 8.2}",
      journal        = "Comput. Phys. Commun.",
      volume         = "191",
      year           = "2015",
      pages          = "159-177",
      doi            = "10.1016/j.cpc.2015.01.024",
      eprint         = "1410.3012",
      archivePrefix  = "arXiv",
      primaryClass   = "hep-ph",
      reportNumber   = "LU-TP-14-36, MCNET-14-22, CERN-PH-TH-2014-190,
                        FERMILAB-PUB-14-316-CD, DESY-14-178, SLAC-PUB-16122",
      SLACcitation   = "%%CITATION = ARXIV:1410.3012;%%"
}

% Dark Matter Forum recommendations
@article{Abercrombie:2015wmb,
      author         = "Abercrombie, Daniel and others",
      editor         = "Boveia, Antonio and Doglioni, Caterina and Lowette,
                        Steven and Malik, Sarah and Mrenna, Stephen",
      title          = "{Dark Matter Benchmark Models for Early LHC Run-2
                        Searches: Report of the ATLAS/CMS Dark Matter Forum}",
      year           = "2015",
      eprint         = "1507.00966",
      archivePrefix  = "arXiv",
      primaryClass   = "hep-ex",
      reportNumber   = "FERMILAB-PUB-15-282-CD",
      SLACcitation   = "%%CITATION = ARXIV:1507.00966;%%"
}

% DMF how to present results
@article{Boveia:2016mrp,
      author         = "Busoni, Giorgio and others",
      editor         = "Boveia, Antonio and Buchmueller, Oliver and Doglioni,
                        Caterina and Hahn, Kristian and Haisch, Ulrich and
                        Kahlhoefer, Felix and Mangano, Michelangelo and McCabe,
                        Christopher and Tait, Tim M. P.",
      title          = "{Recommendations on presenting LHC searches for missing
                        transverse energy signals using simplified $s$-channel
                        models of dark matter}",
      year           = "2016",
      eprint         = "1603.04156",
      archivePrefix  = "arXiv",
      primaryClass   = "hep-ex",
      reportNumber   = "CERN-LPCC-2016-001, FERMILAB-FN-1009-CD",
      SLACcitation   = "%%CITATION = ARXIV:1603.04156;%%"
}

% t-channel diagrams
@article{Bell:2012rg,
      author         = "Bell, Nicole F. and Dent, James B. and Galea, Ahmad J.
                        and Jacques, Thomas D. and Krauss, Lawrence M. and Weiler,
                        Thomas J.",
      title          = "{Searching for Dark Matter at the LHC with a Mono-Z}",
      journal        = "Phys. Rev.",
      volume         = "D86",
      year           = "2012",
      pages          = "096011",
      doi            = "10.1103/PhysRevD.86.096011",
      eprint         = "1209.0231",
      archivePrefix  = "arXiv",
      primaryClass   = "hep-ph",
      SLACcitation   = "%%CITATION = ARXIV:1209.0231;%%"
}

@article{Beltran:2010ww,
      author         = "Beltran, Maria and Hooper, Dan and Kolb, Edward W. and
                        Krusberg, Zosia A.C. and Tait, Tim M.P.",
      title          = "{Maverick dark matter at colliders}",
      journal        = "JHEP",
      volume         = "1009",
      pages          = "037",
      doi            = "10.1007/JHEP09(2010)037",
      year           = "2010",
      eprint         = "1002.4137",
      archivePrefix  = "arXiv",
      primaryClass   = "hep-ph",
      reportNumber   = "FERMILAB-PUB-10-092-A",
      SLACcitation   = "%%CITATION = ARXIV:1002.4137;%%",
}

% HistFitter
@article{Baak:2014wma,
      author         = "Baak, M. and Besjes, G. J. and Côte, D. and Koutsman, A.
                        and Lorenz, J. and Short, D.",
      title          = "{HistFitter software framework for statistical data
                        analysis}",
      journal        = "Eur. Phys. J.",
      volume         = "C75",
      year           = "2015",
      pages          = "153",
      doi            = "10.1140/epjc/s10052-015-3327-7",
      eprint         = "1410.1280",
      archivePrefix  = "arXiv",
      primaryClass   = "hep-ex",
      SLACcitation   = "%%CITATION = ARXIV:1410.1280;%%"
}

% Frequentist limit recommendations
@misc{freqLimitRecs,
  title = {{Frequentist limit recommendation}},
  howpublished = {\url{https://twiki.cern.ch/twiki/pub/AtlasProtected/StatisticsTools/Frequentist_Limit_Recommendation.pdf}},
  note = {Accessed: 2015-03-05},
  year = "2011",
  month = jun
}

% CLs method
@misc{CLsInfo,
  title = {{The $CL_s$ method: information for conference speakers}},
  howpublished = {\url{https://twiki.cern.ch/twiki/pub/AtlasProtected/StatisticsTools/CLsInfo.pdf}},
  note = {Accessed: 2015-03-05},
  year = "2011",
  month = jul
}

% Run 2 LO recommendations from LHC DMWG
@article{Boveia:2016mrp,
      author         = "Boveia, Antonio and others",
      title          = "{Recommendations on presenting LHC searches for missing
                        transverse energy signals using simplified $s$-channel
                        models of dark matter}",
      year           = "2016",
      eprint         = "1603.04156",
      archivePrefix  = "arXiv",
      primaryClass   = "hep-ex",
      reportNumber   = "CERN-LPCC-2016-001",
      SLACcitation   = "%%CITATION = ARXIV:1603.04156;%%"
}

% Run 2 NLO recommendations from LHC DMWG
@article{Albert:2017onk,
      author         = "Albert, Andreas and others",
      title          = "{Recommendations of the LHC Dark Matter Working Group:
                        Comparing LHC searches for heavy mediators of dark matter
                        production in visible and invisible decay channels}",
      year           = "2017",
      eprint         = "1703.05703",
      archivePrefix  = "arXiv",
      primaryClass   = "hep-ex",
      reportNumber   = "CERN-LPCC-2017-01",
      SLACcitation   = "%%CITATION = ARXIV:1703.05703;%%"
}

% Summer report
@article{McLean,
      author         = "McLean, Kayla",
      title          = "{Implementing likelihood-based statistical tests using a toy model in RooFit and RooStats and exploring the basics of TMVA}",
      year           = "2014",
      note    = {Work term report},
}

% DD experiments
@article{Undagoitia:2015gya,
      author         = "Marrodán Undagoitia, Teresa and Rauch, Ludwig",
      title          = "{Dark matter direct-detection experiments}",
      journal        = "J. Phys.",
      volume         = "G43",
      year           = "2016",
      number         = "1",
      pages          = "013001",
      doi            = "10.1088/0954-3899/43/1/013001",
      eprint         = "1509.08767",
      archivePrefix  = "arXiv",
      primaryClass   = "physics.ins-det",
      SLACcitation   = "%%CITATION = ARXIV:1509.08767;%%"
}

% gamma+jets theory paper
@article{Ask:2011xf,
      author         = "Ask, S. and Parker, M. A. and Sandoval, T. and Shea, M.
                        E. and Stirling, W. J.",
      title          = "{Using gamma+jets Production to Calibrate the Standard
                        Model Z(nunu)+jets Background to New Physics Processes at
                        the LHC}",
      journal        = "JHEP",
      volume         = "10",
      year           = "2011",
      pages          = "058",
      doi            = "10.1007/JHEP10(2011)058",
      eprint         = "1107.2803",
      archivePrefix  = "arXiv",
      primaryClass   = "hep-ph",
      reportNumber   = "CAVENDISH-HEP-11-14, MCNET-11-16",
      SLACcitation   = "%%CITATION = ARXIV:1107.2803;%%"
}

% Emma's analysis that used the gamma+jets method
@techreport{Galster:2151990,
      author        = "Galster, Gorm Aske Gram Krohn and Holmes, Tova Ray and
                       Hooberman, Benjamin Henry and Kuwertz, Emma Sian and Lee,
                       Lawrence and Long, Jonathan David and Marshall, Zach and
                       Mamuzic, Judita and McPherson, Robert and Mitsou, Vasiliki
                       A. and Ohm, Christian and Pottgen, Ruth and Redelbach,
                       Andreas and Ripellino, Giulia and Shang, Ruo-yu and Zhang,
                       Matt and Kobayashi, Dai and Suruliz, Kerim and Young,
                       Christopher John and Merlassino, Claudia",
      title         = "{Another Search for strongly produced supersymmetric
                       particles in final states containing a same-flavour
                       opposite-sign dilepton pair, jets and missing transverse
                       momentum in 13 TeV $pp$ collisions}",
      institution   = "CERN",
      address       = "Geneva",
      number        = "ATL-COM-PHYS-2016-504",
      month         = "May",
      year          = "2016",
      reportNumber  = "ATL-COM-PHYS-2016-504",
      url           = "https://cds.cern.ch/record/2151990",
}

% Cowan, signal significance
@article{Cowan1,
	author = {Cowan, Glen},
	year = {2012},
	month = {May},
	pages = {},
	title = {Discovery sensitivity for a counting experiment with background uncertainty}
}

% Theory paper for NLO s-channel simplified models
@article{Backovic:2015soa,
      author         = "Backović, Mihailo and Krämer, Michael and Maltoni,
                        Fabio and Martini, Antony and Mawatari, Kentarou and
                        Pellen, Mathieu",
      title          = "{Higher-order QCD predictions for dark matter production
                        at the LHC in simplified models with s-channel mediators}",
      journal        = "Eur. Phys. J.",
      volume         = "C75",
      year           = "2015",
      number         = "10",
      pages          = "482",
      doi            = "10.1140/epjc/s10052-015-3700-6",
      eprint         = "1508.05327",
      archivePrefix  = "arXiv",
      primaryClass   = "hep-ph",
      reportNumber   = "MCNET-15-24, CP3-15-25, TTK-15-19",
      SLACcitation   = "%%CITATION = ARXIV:1508.05327;%%"
}

% 2HDM+PS model theory
@article{Bauer:2017ota,
      author         = "Bauer, Martin and Haisch, Ulrich and Kahlhoefer, Felix",
      title          = "{Simplified dark matter models with two Higgs doublets:
                        I. Pseudoscalar mediators}",
      journal        = "JHEP",
      volume         = "05",
      year           = "2017",
      pages          = "138",
      doi            = "10.1007/JHEP05(2017)138",
      eprint         = "1701.07427",
      archivePrefix  = "arXiv",
      primaryClass   = "hep-ph",
      reportNumber   = "CERN-TH-2017-011, DESY-17-010",
      SLACcitation   = "%%CITATION = ARXIV:1701.07427;%%"
}

% t-channel Papucci
@article{Papucci:2014iwa,
      author         = "Papucci, Michele and Vichi, Alessandro and Zurek, Kathryn
                        M.",
      title          = "{Monojet versus the rest of the world I: t-channel
                        models}",
      journal        = "JHEP",
      volume         = "11",
      year           = "2014",
      pages          = "024",
      doi            = "10.1007/JHEP11(2014)024",
      eprint         = "1402.2285",
      archivePrefix  = "arXiv",
      primaryClass   = "hep-ph",
      SLACcitation   = "%%CITATION = ARXIV:1402.2285;%%"
}

% t-channel Bell
@article{Bell:2012rg,
      author         = "Bell, Nicole F. and Dent, James B. and Galea, Ahmad J.
                        and Jacques, Thomas D. and Krauss, Lawrence M. and Weiler,
                        Thomas J.",
      title          = "{Searching for Dark Matter at the LHC with a Mono-Z}",
      journal        = "Phys. Rev.",
      volume         = "D86",
      year           = "2012",
      pages          = "096011",
      doi            = "10.1103/PhysRevD.86.096011",
      eprint         = "1209.0231",
      archivePrefix  = "arXiv",
      primaryClass   = "hep-ph",
      SLACcitation   = "%%CITATION = ARXIV:1209.0231;%%"
}

% Less Simplified models
@article{Ko:2016zxg,
      author         = "Ko, P. and Natale, Alexander and Park, Myeonghun and
                        Yokoya, Hiroshi",
      title          = "{Simplified DM models with the full SM gauge symmetry :
                        the case of $t$-channel colored scalar mediators}",
      journal        = "JHEP",
      volume         = "01",
      year           = "2017",
      pages          = "086",
      doi            = "10.1007/JHEP01(2017)086",
      eprint         = "1605.07058",
      archivePrefix  = "arXiv",
      primaryClass   = "hep-ph",
      reportNumber   = "CTPU-16-12",
      SLACcitation   = "%%CITATION = ARXIV:1605.07058;%%"
}

% New potential pseudoscalar benchmark for mono-Z
@article{Bauer:2017fsw,
      author         = "Bauer, Martin and Klassen, Martin and Tenorth, Valentin",
      title          = "{Universal Properties of Pseudoscalar Mediators}",
      year           = "2017",
      eprint         = "1712.06597",
      archivePrefix  = "arXiv",
      primaryClass   = "hep-ph",
      SLACcitation   = "%%CITATION = ARXIV:1712.06597;%%"
}

% mono-Z EFTs
@article{Carpenter:2012rg,
      author         = "Carpenter, Linda M. and Nelson, Andrew and Shimmin, Chase
                        and Tait, Tim M. P. and Whiteson, Daniel",
      title          = "{Collider searches for dark matter in events with a Z
                        boson and missing energy}",
      journal        = "Phys. Rev.",
      volume         = "D87",
      year           = "2013",
      number         = "7",
      pages          = "074005",
      doi            = "10.1103/PhysRevD.87.074005",
      eprint         = "1212.3352",
      archivePrefix  = "arXiv",
      primaryClass   = "hep-ex",
      reportNumber   = "UCI-HEP-TR-2012-21",
      SLACcitation   = "%%CITATION = ARXIV:1212.3352;%%"
}

% Alison's thesis
@article{Elliot,
      author         = "Elliot, Alison",
      title          = "{Implementing likelihood-based statistical tests using a toy model in RooFit and RooStats and exploring the basics of TMVA}",
      year           = "2014",
      note    = {doctoral thesis,
}

% EPS 2017 mono-Z paper
@article{Aaboud:2017bja,
      author         = "Aaboud, M. and others",
      title          = "{Search for an invisibly decaying Higgs boson or dark
                        matter candidates produced in association with a $Z$ boson
                        in $pp$ collisions at $\sqrt{s} =$ 13 TeV with the ATLAS
                        detector}",
      collaboration  = "ATLAS",
      journal        = "Phys. Lett.",
      volume         = "B776",
      year           = "2018",
      pages          = "318-337",
      doi            = "10.1016/j.physletb.2017.11.049",
      eprint         = "1708.09624",
      archivePrefix  = "arXiv",
      primaryClass   = "hep-ex",
      reportNumber   = "CERN-EP-2017-166",
      SLACcitation   = "%%CITATION = ARXIV:1708.09624;%%"
}

% 2HDM models (general paper)
@article{Branco:2011iw,
      author         = "Branco, G. C. and Ferreira, P. M. and Lavoura, L. and
                        Rebelo, M. N. and Sher, Marc and Silva, Joao P.",
      title          = "{Theory and phenomenology of two-Higgs-doublet models}",
      journal        = "Phys. Rept.",
      volume         = "516",
      year           = "2012",
      pages          = "1-102",
      doi            = "10.1016/j.physrep.2012.02.002",
      eprint         = "1106.0034",
      archivePrefix  = "arXiv",
      primaryClass   = "hep-ph",
      SLACcitation   = "%%CITATION = ARXIV:1106.0034;%%"
}

% ETmiss significance
@techreport{Schaefer:2294922,
      author        = "Schaefer, Douglas and Portillo Quintero, Dilia Maria and
                       Francavilla, Paolo and Macdonald, Calum Michael and Petrov,
                       Mariyan and Tolley, Emma",
      title         = "{Object based Missing Transverse Momentum Significance in
                       the ATLAS Detector}",
      institution   = "CERN",
      address       = "Geneva",
      number        = "ATL-COM-PHYS-2017-1735",
      month         = "Dec",
      year          = "2017",
      reportNumber  = "ATL-COM-PHYS-2017-1735",
      url           = "https://cds.cern.ch/record/2294922",
}

% WIMP DM
@article{Bertone:2017adx,
      author         = "Bertone, Gianfranco and Bozorgnia, Nassim and Kim, Jong
                        Soo and Liem, Sebastian and McCabe, Christopher and Otten,
                        Sydney and Ruiz de Austri, Roberto",
      title          = "{Identifying WIMP dark matter from particle and
                        astroparticle data}",
      year           = "2017",
      eprint         = "1712.04793",
      archivePrefix  = "arXiv",
      primaryClass   = "hep-ph",
      SLACcitation   = "%%CITATION = ARXIV:1712.04793;%%"
}

% mono-jet 2017 paper 
@techreport{Collaboration:2268179,
      author        = "ATLAS Collaboration",
      title         = "{Search for dark matter and other new phenomena in events
                       with an energetic jet and large missing transverse momentum
                       using the ATLAS detector: Draft 1.0 for the 2017 monojet
                       paper}",
      institution   = "CERN",
      address       = "Geneva",
      number        = "ATL-COM-PHYS-2017-716",
      month         = "Jun",
      year          = "2017",
      reportNumber  = "ATL-COM-PHYS-2017-716",
      url           = "https://cds.cern.ch/record/2268179",
      note          = "A draft 0.0 for EB discussion.",
}

% CMS Pflow paper
@article{Sirunyan:2017ulk,
      author         = "Sirunyan, A. M. and others",
      title          = "{Particle-flow reconstruction and global event
                        description with the CMS detector}",
      collaboration  = "CMS",
      journal        = "JINST",
      volume         = "12",
      year           = "2017",
      number         = "10",
      pages          = "P10003",
      doi            = "10.1088/1748-0221/12/10/P10003",
      eprint         = "1706.04965",
      archivePrefix  = "arXiv",
      primaryClass   = "physics.ins-det",
      reportNumber   = "CMS-PRF-14-001, CERN-EP-2017-110",
      SLACcitation   = "%%CITATION = ARXIV:1706.04965;%%"
}

@article{ChrisA,
	author = "Anelli, Chris",
	note = "Personal communication",
	year = "2018"
}

% QCD factorization 
@article{Collins:1989gx,
      author         = "Collins, John C. and Soper, Davison E. and Sterman,
                        George F.",
      title          = "{Factorization of Hard Processes in QCD}",
      journal        = "Adv. Ser. Direct. High Energy Phys.",
      volume         = "5",
      year           = "1989",
      pages          = "1-91",
      doi            = "10.1142/9789814503266_0001",
      eprint         = "hep-ph/0409313",
      archivePrefix  = "arXiv",
      primaryClass   = "hep-ph",
      reportNumber   = "ITP-SB-89-31",
      SLACcitation   = "%%CITATION = HEP-PH/0409313;%%"
}